[gd_scene load_steps=13 format=3 uid="uid://bxkf06g18fd8r"]

[ext_resource type="PackedScene" uid="uid://cxe7yrewl1k47" path="res://Scenes/ThirdPersonPlayer.tscn" id="1"]
[ext_resource type="Texture2D" uid="uid://lil6r1ivuqn0" path="res://Textures/Gothic2Grass.png" id="1_rwana"]
[ext_resource type="Texture2D" uid="uid://cqvxb54cr8jrg" path="res://Textures/calcada-seamless.jpg" id="1_wnenn"]
[ext_resource type="Material" path="res://Textures/debug_wood_fence.tres" id="2_6ka60"]

[sub_resource type="StandardMaterial3D" id="StandardMaterial3D_0yar7"]
albedo_texture = ExtResource("1_rwana")
rim_tint = 0.62
clearcoat = 0.14
clearcoat_roughness = 1.0
anisotropy = 0.86
backlight = Color(1, 0, 0, 1)
uv1_scale = Vector3(3.767, 3.767, 3.767)
billboard_keep_scale = true
proximity_fade_distance = 0.71
distance_fade_min_distance = 10.31
distance_fade_max_distance = 11.06

[sub_resource type="PlaneMesh" id="1"]

[sub_resource type="BoxShape3D" id="2"]
size = Vector3(2, 0.1, 2)

[sub_resource type="StandardMaterial3D" id="StandardMaterial3D_wi5ru"]
albedo_texture = ExtResource("1_wnenn")
uv1_scale = Vector3(2.084, 2.084, 2.084)

[sub_resource type="BoxMesh" id="3"]

[sub_resource type="BoxShape3D" id="4"]

[sub_resource type="StandardMaterial3D" id="StandardMaterial3D_01t7r"]
albedo_texture = ExtResource("1_wnenn")
uv1_scale = Vector3(2.123, 2.123, 2.123)

[sub_resource type="Environment" id="Environment_dhxii"]
tonemap_white = 0.11
sdfgi_use_occlusion = true

[node name="Root" type="Node3D"]

[node name="Ground" type="MeshInstance3D" parent="."]
transform = Transform3D(10, 0, 0, 0, 1, 0, 0, 0, 10, 0, 0, 0)
material_override = SubResource("StandardMaterial3D_0yar7")
mesh = SubResource("1")

[node name="StaticBody3D" type="StaticBody3D" parent="Ground"]

[node name="CollisionShape3D" type="CollisionShape3D" parent="Ground/StaticBody3D"]
transform = Transform3D(1, 0, 0, 0, 1, 0, 0, 0, 1, 0, -0.08, 0)
shape = SubResource("2")

[node name="Wall" type="MeshInstance3D" parent="Ground"]
transform = Transform3D(-0.994619, -1.93121e-07, 3.98324e-15, 0, -9.7083e-08, -1.048, 8.74228e-09, -0.2221, 4.58095e-09, 0, 0.952685, 1)
material_override = ExtResource("2_6ka60")
mesh = SubResource("1")
skeleton = NodePath("../..")

[node name="StaticBody3D" type="StaticBody3D" parent="Ground/Wall"]

[node name="CollisionShape3D" type="CollisionShape3D" parent="Ground/Wall/StaticBody3D"]
transform = Transform3D(1, 0, 0, 0, 0.08, 0, 0, 0, 1, 0, -0.08, 0)
shape = SubResource("2")

[node name="Wall2" type="MeshInstance3D" parent="Ground"]
transform = Transform3D(3.47339e-08, 0.2221, -4.58095e-09, 0, -9.7083e-08, -1.048, -0.994619, -1.83413e-07, 3.783e-15, -1, 0.952685, 0)
material_override = ExtResource("2_6ka60")
mesh = SubResource("1")
skeleton = NodePath("../..")

[node name="StaticBody3D" type="StaticBody3D" parent="Ground/Wall2"]

[node name="CollisionShape3D" type="CollisionShape3D" parent="Ground/Wall2/StaticBody3D"]
transform = Transform3D(1, 0, 0, 0, 0.08, 0, 0, 0, 1, 0, -0.08, 0)
shape = SubResource("2")

[node name="Wall3" type="MeshInstance3D" parent="Ground"]
transform = Transform3D(5.22184e-08, -0.2221, 4.58095e-09, 0, -9.7083e-08, -1.048, 0.994619, 2.02829e-07, -4.18348e-15, 1, 0.952685, 0)
material_override = ExtResource("2_6ka60")
mesh = SubResource("1")
skeleton = NodePath("../..")

[node name="StaticBody3D" type="StaticBody3D" parent="Ground/Wall3"]

[node name="CollisionShape3D" type="CollisionShape3D" parent="Ground/Wall3/StaticBody3D"]
transform = Transform3D(1, 0, 0, 0, 0.08, 0, 0, 0, 1, 0, -0.08, 0)
shape = SubResource("2")

[node name="Wall4" type="MeshInstance3D" parent="Ground"]
transform = Transform3D(0.994619, 2.12538e-07, -4.38372e-15, 0, -9.7083e-08, -1.048, -9.56946e-08, 0.2221, -4.58095e-09, 0, 0.952685, -1)
material_override = ExtResource("2_6ka60")
mesh = SubResource("1")
skeleton = NodePath("../..")

[node name="StaticBody3D" type="StaticBody3D" parent="Ground/Wall4"]

[node name="CollisionShape3D" type="CollisionShape3D" parent="Ground/Wall4/StaticBody3D"]
transform = Transform3D(1, 0, 0, 0, 0.08, 0, 0, 0, 1, 0, -0.08, 0)
shape = SubResource("2")

[node name="Box" type="MeshInstance3D" parent="Ground"]
transform = Transform3D(0.378765, 0, 0, 0, 1.89383, 0, 0, 0, 1.00373, -0.8, 1, 0.5)
material_override = SubResource("StandardMaterial3D_wi5ru")
mesh = SubResource("3")
skeleton = NodePath("../..")

[node name="StaticBody3D" type="StaticBody3D" parent="Ground/Box"]

[node name="CollisionShape3D" type="CollisionShape3D" parent="Ground/Box/StaticBody3D"]
shape = SubResource("4")

[node name="Box2" type="MeshInstance3D" parent="Ground"]
transform = Transform3D(0.399694, 0, 0, 0, 1.93037, 2.74138, 0, -0.0517242, 1.0231, -0.8, -0.33827, -0.490464)
material_override = SubResource("StandardMaterial3D_01t7r")
mesh = SubResource("3")
skeleton = NodePath("../..")

[node name="StaticBody3D" type="StaticBody3D" parent="Ground/Box2"]

[node name="CollisionShape3D" type="CollisionShape3D" parent="Ground/Box2/StaticBody3D"]
shape = SubResource("4")

[node name="OmniLight3D" type="OmniLight3D" parent="."]
transform = Transform3D(1, 0, 0, 0, 1, 0, 0, 0, 1, -0.121317, 7.64073, 0.290602)
light_color = Color(0.952941, 0.756863, 0.568627, 1)
shadow_enabled = true
distance_fade_begin = 0.0
omni_range = 14.3776
omni_attenuation = 0.0647039

[node name="ThirdPersonPlayer" parent="." instance=ExtResource("1")]
transform = Transform3D(1, 0, 0, 0, 0.999743, -0.0226699, 0, 0.0226699, 0.999743, 0, 0.459655, 0)

[node name="DirectionalLight3D" type="DirectionalLight3D" parent="."]
transform = Transform3D(0.0302514, -0.599183, 0.80004, -0.368164, 0.737454, 0.566231, -0.929269, -0.311675, -0.198289, 12.372, 7.86058, 4.93525)

[node name="WorldEnvironment" type="WorldEnvironment" parent="."]
environment = SubResource("Environment_dhxii")
