[gd_scene load_steps=9 format=3 uid="uid://cfxbubuej72ib"]

[ext_resource type="Script" path="res://Scenes/InteractiveProps/Door.gd" id="1_i1dcw"]

[sub_resource type="BoxShape3D" id="BoxShape3D_lgoce"]
size = Vector3(3.40249, 5.16207, 0.212729)

[sub_resource type="BoxMesh" id="BoxMesh_w7tg3"]

[sub_resource type="StandardMaterial3D" id="StandardMaterial3D_lnkhi"]
albedo_color = Color(1, 0.462745, 0.113725, 1)

[sub_resource type="Animation" id="Animation_oamgd"]
length = 0.001
tracks/0/type = "value"
tracks/0/imported = false
tracks/0/enabled = true
tracks/0/path = NodePath("Door_Collider:position")
tracks/0/interp = 1
tracks/0/loop_wrap = true
tracks/0/keys = {
"times": PackedFloat32Array(0),
"transitions": PackedFloat32Array(1),
"update": 0,
"values": [Vector3(0, 0, 0)]
}

[sub_resource type="Animation" id="Animation_tue76"]
resource_name = "close"
tracks/0/type = "value"
tracks/0/imported = false
tracks/0/enabled = true
tracks/0/path = NodePath("Door_Collider:position")
tracks/0/interp = 1
tracks/0/loop_wrap = true
tracks/0/keys = {
"times": PackedFloat32Array(0, 1),
"transitions": PackedFloat32Array(0.366021, 2.2974),
"update": 0,
"values": [Vector3(-3.21999, 0, 0), Vector3(0, 0, 0)]
}

[sub_resource type="Animation" id="Animation_o5vgu"]
resource_name = "open"
tracks/0/type = "value"
tracks/0/imported = false
tracks/0/enabled = true
tracks/0/path = NodePath("Door_Collider:position")
tracks/0/interp = 1
tracks/0/loop_wrap = true
tracks/0/keys = {
"times": PackedFloat32Array(0, 1, 1.0001),
"transitions": PackedFloat32Array(0.378929, 4.59479, 1),
"update": 0,
"values": [Vector3(0, 0, 0), Vector3(-3.21999, 0, 0), Vector3(-3.21999, 0, 0)]
}

[sub_resource type="AnimationLibrary" id="AnimationLibrary_d0r6t"]
_data = {
"RESET": SubResource("Animation_oamgd"),
"close": SubResource("Animation_tue76"),
"open": SubResource("Animation_o5vgu")
}

[node name="Door" type="Node3D" node_paths=PackedStringArray("collision_object")]
script = ExtResource("1_i1dcw")
item_name = "Door"
collision_object = NodePath("Door_Collider")

[node name="Door_Collider" type="StaticBody3D" parent="."]

[node name="CollisionShape3D" type="CollisionShape3D" parent="Door_Collider"]
shape = SubResource("BoxShape3D_lgoce")

[node name="MeshInstance3D" type="MeshInstance3D" parent="Door_Collider"]
transform = Transform3D(3.411, 0, 0, 0, 5.163, 0, 0, 0, 0.207, 0, 0, 0)
mesh = SubResource("BoxMesh_w7tg3")
skeleton = NodePath("../..")
surface_material_override/0 = SubResource("StandardMaterial3D_lnkhi")

[node name="AnimationPlayer" type="AnimationPlayer" parent="."]
libraries = {
"": SubResource("AnimationLibrary_d0r6t")
}
