[gd_scene load_steps=12 format=3 uid="uid://dr2npf71hl3de"]

[ext_resource type="Script" path="res://Scripts/DialogHandler.gd" id="1_e0e66"]
[ext_resource type="FontFile" uid="uid://bydgo11w65k0x" path="res://Materials/Fonts/Equipe Basic 9p.ttf" id="3_i1m3q"]
[ext_resource type="FontFile" uid="uid://qmoap7v87g4q" path="res://Materials/Fonts/Equipe Basic 10h.ttf" id="3_wb8y4"]
[ext_resource type="FontFile" uid="uid://cpa0v8nchonlg" path="res://Materials/Fonts/Equipe Basic 9h.ttf" id="4_7gasj"]

[sub_resource type="LabelSettings" id="LabelSettings_mx0fx"]
font = ExtResource("3_wb8y4")
font_color = Color(1, 1, 0.290196, 1)

[sub_resource type="StyleBoxEmpty" id="StyleBoxEmpty_t53xu"]
content_margin_left = 10.0
content_margin_top = 5.0
content_margin_right = 10.0
content_margin_bottom = 5.0

[sub_resource type="Animation" id="Animation_gy1rg"]
resource_name = "FadeInDialog"
length = 0.3
tracks/0/type = "value"
tracks/0/imported = false
tracks/0/enabled = true
tracks/0/path = NodePath("DialogWindow:visible")
tracks/0/interp = 1
tracks/0/loop_wrap = true
tracks/0/keys = {
"times": PackedFloat32Array(0, 0.0001),
"transitions": PackedFloat32Array(1, 1),
"update": 1,
"values": [false, true]
}
tracks/1/type = "value"
tracks/1/imported = false
tracks/1/enabled = true
tracks/1/path = NodePath("DialogWindow:scale")
tracks/1/interp = 1
tracks/1/loop_wrap = true
tracks/1/keys = {
"times": PackedFloat32Array(0, 0.3),
"transitions": PackedFloat32Array(0.5, 0.5),
"update": 0,
"values": [Vector2(1e-05, 1e-05), Vector2(1, 1)]
}
tracks/2/type = "value"
tracks/2/imported = false
tracks/2/enabled = true
tracks/2/path = NodePath("DialogWindow/Speaker:label_settings:font_color")
tracks/2/interp = 1
tracks/2/loop_wrap = true
tracks/2/keys = {
"times": PackedFloat32Array(0.1, 0.3),
"transitions": PackedFloat32Array(1, 1),
"update": 0,
"values": [Color(1, 1, 0.290196, 0), Color(1, 1, 0.290196, 1)]
}
tracks/3/type = "value"
tracks/3/imported = false
tracks/3/enabled = true
tracks/3/path = NodePath("DialogWindow/CenterContainer/Text:theme_override_colors/default_color")
tracks/3/interp = 1
tracks/3/loop_wrap = true
tracks/3/keys = {
"times": PackedFloat32Array(0.1, 0.3),
"transitions": PackedFloat32Array(1, 1),
"update": 0,
"values": [Color(1, 1, 1, 0), Color(1, 1, 1, 1)]
}

[sub_resource type="Animation" id="Animation_rad0i"]
resource_name = "FadeInOptions"
length = 0.3
tracks/0/type = "value"
tracks/0/imported = false
tracks/0/enabled = true
tracks/0/path = NodePath("OptionsWindow:visible")
tracks/0/interp = 1
tracks/0/loop_wrap = true
tracks/0/keys = {
"times": PackedFloat32Array(0),
"transitions": PackedFloat32Array(1),
"update": 1,
"values": [true]
}
tracks/1/type = "value"
tracks/1/imported = false
tracks/1/enabled = true
tracks/1/path = NodePath("OptionsWindow:scale")
tracks/1/interp = 1
tracks/1/loop_wrap = true
tracks/1/keys = {
"times": PackedFloat32Array(0, 0.3),
"transitions": PackedFloat32Array(1, 1),
"update": 0,
"values": [Vector2(1e-05, 1e-05), Vector2(1, 1)]
}
tracks/2/type = "value"
tracks/2/imported = false
tracks/2/enabled = true
tracks/2/path = NodePath("OptionsWindow/ItemList:modulate")
tracks/2/interp = 1
tracks/2/loop_wrap = true
tracks/2/keys = {
"times": PackedFloat32Array(0.2, 0.3),
"transitions": PackedFloat32Array(1, 1),
"update": 0,
"values": [Color(1, 1, 1, 0), Color(1, 1, 1, 1)]
}

[sub_resource type="Animation" id="Animation_gwfwk"]
resource_name = "FadeOutOptions"
length = 0.3
tracks/0/type = "value"
tracks/0/imported = false
tracks/0/enabled = true
tracks/0/path = NodePath("OptionsWindow:visible")
tracks/0/interp = 1
tracks/0/loop_wrap = true
tracks/0/keys = {
"times": PackedFloat32Array(0.3),
"transitions": PackedFloat32Array(1),
"update": 1,
"values": [false]
}
tracks/1/type = "value"
tracks/1/imported = false
tracks/1/enabled = true
tracks/1/path = NodePath("OptionsWindow:scale")
tracks/1/interp = 1
tracks/1/loop_wrap = true
tracks/1/keys = {
"times": PackedFloat32Array(0, 0.3),
"transitions": PackedFloat32Array(1, 1),
"update": 0,
"values": [Vector2(1, 1), Vector2(1e-05, 1e-05)]
}
tracks/2/type = "value"
tracks/2/imported = false
tracks/2/enabled = true
tracks/2/path = NodePath("OptionsWindow/ItemList:modulate")
tracks/2/interp = 1
tracks/2/loop_wrap = true
tracks/2/keys = {
"times": PackedFloat32Array(0, 0.1),
"transitions": PackedFloat32Array(1, 1),
"update": 0,
"values": [Color(1, 1, 1, 1), Color(1, 1, 1, 0)]
}

[sub_resource type="Animation" id="Animation_hhsav"]
length = 0.001
tracks/0/type = "value"
tracks/0/imported = false
tracks/0/enabled = true
tracks/0/path = NodePath("DialogWindow/CenterContainer/Text:theme_override_colors/default_color")
tracks/0/interp = 1
tracks/0/loop_wrap = true
tracks/0/keys = {
"times": PackedFloat32Array(0),
"transitions": PackedFloat32Array(1),
"update": 0,
"values": [Color(1, 1, 1, 0)]
}

[sub_resource type="AnimationLibrary" id="AnimationLibrary_jvxnt"]
_data = {
"FadeInDialog": SubResource("Animation_gy1rg"),
"FadeInOptions": SubResource("Animation_rad0i"),
"FadeOutOptions": SubResource("Animation_gwfwk"),
"RESET": SubResource("Animation_hhsav")
}

[node name="DialogUI" type="Control"]
layout_direction = 1
layout_mode = 3
anchors_preset = 15
anchor_right = 1.0
anchor_bottom = 1.0
offset_right = -640.0
offset_bottom = -480.0
grow_horizontal = 2
grow_vertical = 2
mouse_filter = 2
script = ExtResource("1_e0e66")
metadata/_edit_lock_ = true

[node name="ReferenceRect" type="ReferenceRect" parent="."]
visible = false
layout_mode = 0
offset_right = 640.0
offset_bottom = 480.0
mouse_filter = 2
metadata/_edit_lock_ = true

[node name="DialogWindow" type="ColorRect" parent="."]
visible = false
layout_mode = 1
anchors_preset = 5
anchor_left = 0.5
anchor_right = 0.5
offset_left = -207.5
offset_top = 20.0
offset_right = 207.5
offset_bottom = 146.0
grow_horizontal = 2
pivot_offset = Vector2(207, 63)
size_flags_horizontal = 4
size_flags_vertical = 4
color = Color(0.294118, 0.333333, 0.364706, 0.694118)

[node name="Speaker" type="Label" parent="DialogWindow"]
layout_mode = 1
anchors_preset = 5
anchor_left = 0.5
anchor_right = 0.5
offset_left = -20.0
offset_top = 25.0
offset_right = 20.0
offset_bottom = 51.0
grow_horizontal = 2
text = "Lucy"
label_settings = SubResource("LabelSettings_mx0fx")
horizontal_alignment = 1

[node name="CenterContainer" type="CenterContainer" parent="DialogWindow"]
layout_mode = 1
anchors_preset = 12
anchor_top = 1.0
anchor_right = 1.0
anchor_bottom = 1.0
offset_top = -70.0
grow_horizontal = 2
grow_vertical = 0

[node name="Text" type="RichTextLabel" parent="DialogWindow/CenterContainer"]
clip_contents = false
custom_minimum_size = Vector2(390, 70)
layout_mode = 2
theme_override_colors/default_color = Color(1, 1, 1, 0)
theme_override_fonts/normal_font = ExtResource("3_wb8y4")
theme_override_fonts/bold_font = ExtResource("4_7gasj")
theme_override_fonts/italics_font = ExtResource("3_i1m3q")
theme_override_fonts/mono_font = ExtResource("3_i1m3q")
bbcode_enabled = true
text = "[center]This is some text to test out the Box Layout. This is kinda what it would look like. Let's continue for a little bit so we get three lines. There, perfect.[/center]"
fit_content = true
scroll_active = false
shortcut_keys_enabled = false
visible_characters_behavior = 1
metadata/_edit_use_anchors_ = true

[node name="OptionsWindow" type="ColorRect" parent="."]
visible = false
layout_mode = 1
anchors_preset = 7
anchor_left = 0.5
anchor_top = 1.0
anchor_right = 0.5
anchor_bottom = 1.0
offset_left = -232.992
offset_top = -126.0
offset_right = 232.992
grow_horizontal = 2
grow_vertical = 0
pivot_offset = Vector2(207, 63)
size_flags_horizontal = 4
size_flags_vertical = 4
color = Color(0.294118, 0.333333, 0.364706, 0.694118)

[node name="ItemList" type="ItemList" parent="OptionsWindow"]
layout_mode = 1
anchors_preset = 15
anchor_right = 1.0
anchor_bottom = 1.0
grow_horizontal = 2
grow_vertical = 2
theme_override_colors/font_color = Color(1, 1, 1, 1)
theme_override_colors/font_hovered_color = Color(0.815686, 0.92549, 0.87451, 1)
theme_override_colors/font_selected_color = Color(0.886275, 0.917647, 0.72549, 1)
theme_override_fonts/font = ExtResource("3_wb8y4")
theme_override_styles/panel = SubResource("StyleBoxEmpty_t53xu")

[node name="AnimationPlayer" type="AnimationPlayer" parent="."]
libraries = {
"": SubResource("AnimationLibrary_jvxnt")
}

[connection signal="item_activated" from="OptionsWindow/ItemList" to="." method="_on_item_list_item_activated"]
[connection signal="item_clicked" from="OptionsWindow/ItemList" to="." method="_on_item_list_item_clicked"]
[connection signal="animation_finished" from="AnimationPlayer" to="." method="_on_animation_player_animation_finished"]
